<?xml version="1.0" encoding="UTF-8"?><collection xmlns="http://www.loc.gov/MARC21/slim"><record><leader>00464nam--2200169-u-4500</leader><controlfield tag="001">000050339</controlfield><controlfield tag="002">20161230</controlfield><controlfield tag="005">20161230201048</controlfield><controlfield tag="008">070111s1000------------r-----000-0-eng-d</controlfield><datafield ind1=" " ind2=" " tag="040"><subfield code="a">IFIN-HH</subfield></datafield><datafield ind1=" " ind2=" " tag="080"><subfield code="a">531.18:530.12:524.8</subfield></datafield><datafield ind1="1" ind2=" " tag="100"><subfield code="a">Rindler,Wolfgang</subfield></datafield><datafield ind1="1" ind2="0" tag="245"><subfield code="a">Reletivity special, general, and cosmological</subfield><subfield code="c">Wolfgang rindler</subfield></datafield><datafield ind1=" " ind2=" " tag="260"><subfield code="a">Oxford</subfield><subfield code="b">Oxford University Press</subfield><subfield code="c">2001</subfield></datafield><datafield ind1=" " ind2=" " tag="300"><subfield code="a">XIII+428 p</subfield></datafield><datafield ind1=" " ind2=" " tag="852"><subfield code="c">530.12</subfield></datafield><datafield ind1=" " ind2=" " tag="CAT"><subfield code="a">Sys</subfield><subfield code="c">20150415</subfield><subfield code="h">152715</subfield></datafield></record></collection>